<record><leader>00000cas a2200000 a 4500</leader><controlfield tag="001">11401046</controlfield><controlfield tag="008">841119d19661978ksuwr ne      0   a0eng d</controlfield><datafield ind1=" " ind2=" " tag="010"><subfield code="a">sn 84029554 </subfield></datafield><datafield ind1=" " ind2=" " tag="040"><subfield code="a">KSH</subfield><subfield code="b">eng</subfield><subfield code="c">KSH</subfield><subfield code="d">NPT</subfield><subfield code="d">OCL</subfield><subfield code="d">OCLCQ</subfield></datafield><datafield ind1=" " ind2=" " tag="042"><subfield code="a">msc</subfield></datafield><datafield ind1="0" ind2=" " tag="130"><subfield code="a">Eudora enterprise (Eudora, Kan.)</subfield></datafield><datafield ind1="1" ind2="4" tag="245"><subfield code="a">The Eudora enterprise.</subfield></datafield><datafield ind1=" " ind2=" " tag="260"><subfield code="a">Eudora, Kan. :</subfield><subfield code="b">[s.n.],</subfield><subfield code="c">1966-1978.</subfield></datafield><datafield ind1=" " ind2=" " tag="300"><subfield code="a">12 v. :</subfield><subfield code="b">ill. ;</subfield><subfield code="c">58 cm.</subfield></datafield><datafield ind1=" " ind2=" " tag="310"><subfield code="a">Weekly</subfield></datafield><datafield ind1="0" ind2=" " tag="362"><subfield code="a">Vol. 1, issue 1 (Mar. 9, 1966)-v. 12, issue 35 (Oct. 26, 1978).</subfield></datafield><datafield ind1=" " ind2=" " tag="521"><subfield code="a">"Serving every household in the communities of Eudora, Linwood and Sunflower Village."</subfield></datafield><datafield ind1=" " ind2=" " tag="752"><subfield code="a">United States</subfield><subfield code="b">Kansas</subfield><subfield code="c">Douglas</subfield><subfield code="d">Eudora.</subfield></datafield><datafield ind1="0" ind2="0" tag="785"><subfield code="t">Tele-news (Baldwin City, Kan. : Eudora enterprise ed.)</subfield><subfield code="w">(DLC)sn 84029805</subfield></datafield></record>